<record><leader>00000cas a22000007a 4500</leader><controlfield tag="001">12596460</controlfield><controlfield tag="008">850924c197u9999pauwr ne      0    0eng d</controlfield><datafield ind1=" " ind2=" " tag="010"><subfield code="a">sn 85054801 </subfield></datafield><datafield ind1=" " ind2=" " tag="040"><subfield code="a">NPH</subfield><subfield code="b">eng</subfield><subfield code="c">NPH</subfield><subfield code="d">OCLCQ</subfield></datafield><datafield ind1=" " ind2=" " tag="042"><subfield code="a">msc</subfield></datafield><datafield ind1="0" ind2="4" tag="245"><subfield code="a">The Main Line chronicle and Bryn Mawr home news.</subfield></datafield><datafield ind1="1" ind2="7" tag="246"><subfield code="a">Main Line chronicle</subfield></datafield><datafield ind1=" " ind2=" " tag="260"><subfield code="a">Oxford, Pa. :</subfield><subfield code="b">Chester County Communications</subfield></datafield><datafield ind1=" " ind2=" " tag="300"><subfield code="a">v. :</subfield><subfield code="b">ill.</subfield></datafield><datafield ind1=" " ind2=" " tag="310"><subfield code="a">Weekly</subfield></datafield><datafield ind1=" " ind2=" " tag="588"><subfield code="a">Description based on: Vol. 85, no. 7 (Jan. 1, 1975).</subfield></datafield><datafield ind1=" " ind2=" " tag="752"><subfield code="a">United States</subfield><subfield code="b">Pennsylvania</subfield><subfield code="c">Montgomery</subfield><subfield code="d">Ardmore.</subfield></datafield><datafield ind1="0" ind2="4" tag="780"><subfield code="t">Main Line chronicle</subfield><subfield code="w">(DLC)sn 85054800</subfield></datafield><datafield ind1="0" ind2="4" tag="780"><subfield code="t">Bryn Mawr home news</subfield></datafield></record>